@article{navascues2008pure,
  title={Pure state estimation and the characterization of entanglement},
  author={Navascu{\'e}s, Miguel},
  journal={Physical review letters},
  volume={100},
  number={7},
  pages={070503},
  year={2008},
  publisher={APS}
}

@misc{nielsen2002quantum,
  title={Quantum computation and quantum information},
  author={Nielsen, Michael A and Chuang, Isaac},
  year={2002},
  publisher={American Association of Physics Teachers}
}

@article{cosentino2013positive,
  title={Positive-partial-transpose-indistinguishable states via semidefinite programming},
  author={Cosentino, Alessandro},
  journal={Physical Review A},
  volume={87},
  number={1},
  pages={012321},
  year={2013},
  publisher={APS}
}

@article{diamond2016cvxpy,
  title={{CVXPY}: A Python-embedded modeling language for convex optimization},
  author={Diamond, Steven and Boyd, Stephen},
  journal={The Journal of Machine Learning Research},
  volume={17},
  number={1},
  pages={2909--2913},
  year={2016},
  publisher={JMLR. org}
}

@inproceedings{cleve2004consequences,
  title={Consequences and limits of nonlocal strategies},
  author={Cleve, Richard and Hoyer, Peter and Toner, Benjamin and Watrous, John},
  booktitle={Proceedings. 19th IEEE Annual Conference on Computational Complexity, 2004.},
  pages={236--249},
  year={2004},
  organization={IEEE}
}

@article{cleve2008perfect,
  title={Perfect parallel repetition theorem for quantum XOR proof systems},
  author={Cleve, Richard and Slofstra, William and Unger, Falk and Upadhyay, Sarvagya},
  journal={Computational Complexity},
  volume={17},
  number={2},
  pages={282--299},
  year={2008},
  publisher={Springer}
}

@article{cavalcanti2015detection,
  title={Detection of entanglement in asymmetric quantum networks and multipartite quantum steering},
  author={Cavalcanti, Daniel and Skrzypczyk, Paul and Aguilar, GH and Nery, RV and Ribeiro, PH Souto and Walborn, SP},
  journal={Nature communications},
  volume={6},
  number={1},
  pages={1--6},
  year={2015},
  publisher={Nature Publishing Group}
}

@article{tomamichel2013monogamy,
  title={A monogamy-of-entanglement game with applications to device-independent quantum cryptography},
  author={Tomamichel, Marco and Fehr, Serge and Kaniewski, J{\k{e}}drzej and Wehner, Stephanie},
  journal={New Journal of Physics},
  volume={15},
  number={10},
  pages={103002},
  year={2013},
  publisher={IOP Publishing}
}

@article{gawron2018,
  doi = {10.1371/journal.pone.0209358},
  url = {https://doi.org/10.1371/journal.pone.0209358},
  year  = {2018},
  month = {dec},
  publisher = {Public Library of Science ({PLoS})},
  volume = {13},
  number = {12},
  pages = {e0209358},
  author = {Piotr Gawron and Dariusz Kurzyk and {\L}ukasz Pawela},
  editor = {Nicholas Chancellor},
  title = {{QuantumInformation}.jl{\textemdash}A Julia package for numerical computation in quantum information theory},
  journal = {{PLOS} {ONE}}
}

@article{russo2017thesis,
  title={Extended nonlocal games},
  author={Russo, Vincent},
  journal={arXiv preprint arXiv:1704.07375},
  year={2017}
}

@article{russo2017extended,
  title={Extended nonlocal games from quantum-classical games},
  author={Russo, Vincent and Watrous, John},
  journal={arXiv preprint arXiv:1709.01837},
  year={2017}
}

@article{johnston2016extended,
  title={Extended non-local games and monogamy-of-entanglement games},
  author={Johnston, Nathaniel and Mittal, Rajat and Russo, Vincent and Watrous, John},
  journal={Proceedings of the Royal Society A: Mathematical, Physical and Engineering Sciences},
  volume={472},
  number={2189},
  pages={20160003},
  year={2016},
  publisher={The Royal Society Publishing}
}

@misc{toqito,
   author       = {Vincent Russo},
   title        = {toqito: A {P}ython toolkit for quantum information, version 0.0.6},
   howpublished = {\url{https://github.com/vprusso/toqito}},
   month        = Aug,
   year         = 2020,
   doi          = {10.5281/zenodo.3699578}
}

@article{yu2012four,
  title={Four locally indistinguishable ququad-ququad orthogonal maximally entangled states},
  author={Yu, Nengkun and Duan, Runyao and Ying, Mingsheng},
  journal={Physical review letters},
  volume={109},
  number={2},
  pages={020506},
  year={2012},
  publisher={APS}
}

@article{cosentino2013small,
  title={Small sets of locally indistinguishable orthogonal maximally entangled states},
  author={Cosentino, Alessandro and Russo, Vincent},
  journal={arXiv preprint arXiv:1307.3232},
  year={2013}
}
