@article{bandyopadhyay2009entanglement,
  title={Entanglement cost of nonlocal measurements},
  author={Bandyopadhyay, Somshubhro and Brassard, Gilles and Kimmel, Shelby and Wootters, William K},
  journal={Physical Review A},
  volume={80},
  number={1},
  pages={012313},
  year={2009},
  publisher={APS}
}

@article{bandyopadhyay2015limitations,
  title={Limitations on separable measurements by convex optimization},
  author={Bandyopadhyay, Somshubhro and Cosentino, Alessandro and Johnston, Nathaniel and Russo, Vincent and Watrous, John and Yu, Nengkun},
  journal={IEEE Transactions on Information Theory},
  volume={61},
  number={6},
  pages={3593--3604},
  year={2015},
  publisher={IEEE}
}

@article{cosentino2013positive,
  title={Positive-partial-transpose-indistinguishable states via semidefinite programming},
  author={Cosentino, Alessandro},
  journal={Physical Review A},
  volume={87},
  number={1},
  pages={012321},
  year={2013},
  publisher={APS}
}

@article{diamond2016cvxpy,
  title={{CVXPY}: A Python-embedded modeling language for convex optimization},
  author={Diamond, Steven and Boyd, Stephen},
  journal={The Journal of Machine Learning Research},
  volume={17},
  number={1},
  pages={2909--2913},
  year={2016},
  publisher={JMLR. org}
}

@article{johnston2012norms,
  title={Norms and cones in the theory of quantum entanglement},
  author={Johnston, Nathaniel},
  journal={arXiv preprint arXiv:1207.1479},
  year={2012}
}

@article{navascues2008pure,
  title={Pure state estimation and the characterization of entanglement},
  author={Navascu{\'e}s, Miguel},
  journal={Physical review letters},
  volume={100},
  number={7},
  pages={070503},
  year={2008},
  publisher={APS}
}

@misc{nielsen2002quantum,
  title={Quantum computation and quantum information},
  author={Nielsen, Michael A and Chuang, Isaac},
  year={2002},
  publisher={American Association of Physics Teachers}
}

@misc{russo2020toqito,
   author = {Vincent Russo},
   title = {toqito: A {P}ython toolkit for quantum information, version 0.0.6},
   howpublished = {\url{https://github.com/vprusso/toqito}},
   month = Aug,
   year = 2020,
   doi = {10.5281/zenodo.3699578}
}

@misc{russo2020ppt,
   author = {Vincent Russo},
   title = {Supplemental software for discriminating quantum states},
   howpublished = {\url{https://github.com/vprusso/ppt_supplemental}},
   month = Aug,
   year = 2020,
}
 
@article{szarek2008geometry,
  title={Geometry of sets of quantum maps: a generic positive map acting on a high-dimensional system is not completely positive},
  author={Szarek, Stanis{\l}aw J and Werner, Elisabeth and {\.Z}yczkowski, Karol},
  journal={Journal of mathematical physics},
  volume={49},
  number={3},
  pages={032113},
  year={2008},
  publisher={American Institute of Physics}
}
 
@book{watrous2018theory,
  title={The theory of quantum information},
  author={Watrous, John},
  year={2018},
  publisher={Cambridge University Press}
}

@book{wilde2013quantum,
  title={Quantum information theory},
  author={Wilde, Mark M},
  year={2013},
  publisher={Cambridge University Press}
}

@article{yu2012four,
  title={Four locally indistinguishable ququad-ququad orthogonal maximally entangled states},
  author={Yu, Nengkun and Duan, Runyao and Ying, Mingsheng},
  journal={Physical review letters},
  volume={109},
  number={2},
  pages={020506},
  year={2012},
  publisher={APS}
}
